@article{Python,
title= {Python tutorial},
author = {van Rossum, Guido},
number={CS-R9526},
institution= {Centrum voor Wiskunde en Informatica (CWI)},
year= {1995},
address={Amsterdam},
month={May}
}
@online{Flandrin18theconversation,
Author = {Flandrin, Patrick},
Title = {Signal processing: a field at the heart of science and everyday life},
Url = {https://theconversation.com/signal-processing-a-field-at-the-heart-of-science-and-everyday-life-89267},
Urldate = {2018-06-07},
Year = 2018,
}
